<record><leader>00000cas a2200000 a 4500</leader><controlfield tag="001">12362902</controlfield><controlfield tag="008">850808d18691870ksuwr ne      0    0eng d</controlfield><datafield ind1=" " ind2=" " tag="010"><subfield code="a">sn 85031728 </subfield></datafield><datafield ind1=" " ind2=" " tag="040"><subfield code="a">KSH</subfield><subfield code="b">eng</subfield><subfield code="c">KSH</subfield><subfield code="d">NPT</subfield><subfield code="d">OCL</subfield><subfield code="d">OCLCQ</subfield></datafield><datafield ind1=" " ind2=" " tag="042"><subfield code="a">msc</subfield></datafield><datafield ind1="0" ind2="4" tag="245"><subfield code="a">The Kansas valley.</subfield></datafield><datafield ind1=" " ind2=" " tag="260"><subfield code="a">Wamego, Kan. :</subfield><subfield code="b">T.W. Lowe &amp; Co.,</subfield><subfield code="c">1869-1870.</subfield></datafield><datafield ind1=" " ind2=" " tag="300"><subfield code="a">1 v. ;</subfield><subfield code="c">67 cm.</subfield></datafield><datafield ind1=" " ind2=" " tag="310"><subfield code="a">Weekly</subfield></datafield><datafield ind1="0" ind2=" " tag="362"><subfield code="a">Vol. 1, no. 1 (Nov. 25, 1869)-v. 1, no. 44 (Sept. 29, 1870).</subfield></datafield><datafield ind1=" " ind2=" " tag="500"><subfield code="a">Published by John O'Flanagan, Mar. 3-Sept. 29, 1870.</subfield></datafield><datafield ind1=" " ind2=" " tag="752"><subfield code="a">United States</subfield><subfield code="b">Kansas</subfield><subfield code="c">Pottawatomie</subfield><subfield code="d">Wamego.</subfield></datafield><datafield ind1="0" ind2="0" tag="785"><subfield code="t">Weekly Kansas valley</subfield><subfield code="w">(DLC)sn 85031729</subfield></datafield></record>